<collection xmlns="http://www.loc.gov/MARC21/slim">
<record>
  <leader>01458nam0a22002891i 450 </leader>
  <controlfield tag="001">IT\ICCU\CNCE\070376</controlfield>
  <controlfield tag="005">20170914000000.0</controlfield>
  <datafield tag="012" ind1=" " ind2=" ">
    <subfield code="a">teto toto toia toia (C) 1510 (Q)</subfield>
    <subfield code="2">fei</subfield>
  </datafield>
  <datafield tag="100" ind1=" " ind2=" ">
    <subfield code="a">20070423f1510        0itac0103    ba</subfield>
  </datafield>
  <datafield tag="101" ind1=" " ind2=" ">
    <subfield code="a">ITA</subfield>
  </datafield>
  <datafield tag="102" ind1=" " ind2=" ">
    <subfield code="a">IT</subfield>
  </datafield>
  <datafield tag="200" ind1="1" ind2=" ">
    <subfield code="a">Cerbero inuoco, composto per Simone Sardini senese con el contrario di Cerbero. Intendo di chiamare la disperata composta da Antonio di Tibaldi ferrarese</subfield>
  </datafield>
  <datafield tag="210" ind1=" " ind2=" ">
    <subfield code="d">\1510?!</subfield>
  </datafield>
  <datafield tag="215" ind1=" " ind2=" ">
    <subfield code="a">\4! c.</subfield>
    <subfield code="c">ill.</subfield>
    <subfield code="d">4ʻ</subfield>
  </datafield>
  <datafield tag="300" ind1=" " ind2=" ">
    <subfield code="a">Stampata probabilmente a Venezia da Alessandro Bindoni; per il tipografo e la data cfr.: Short-title catalogue of books printed in Italy and of Italian books printed in other countries from 1465 to 1600 now in the British Library, p. 609</subfield>
  </datafield>
  <datafield tag="620" ind1=" " ind2=" ">
    <subfield code="a">IT</subfield>
    <subfield code="d">Venezia</subfield>
  </datafield>
  <datafield tag="700" ind1=" " ind2="1">
    <subfield code="a">Serdini,</subfield>
    <subfield code="b">Simone</subfield>
    <subfield code="3">IT\ICCU\CNCA\018206</subfield>
  </datafield>
  <datafield tag="702" ind1=" " ind2="1">
    <subfield code="a">Tebaldeo,</subfield>
    <subfield code="b">Antonio</subfield>
    <subfield code="3">IT\ICCU\CNCA\013357</subfield>
  </datafield>
  <datafield tag="712" ind1="0" ind2="0">
    <subfield code="a">Bindoni, Alessandro</subfield>
    <subfield code="3">IT\ICCU\CNCT\000466</subfield>
    <subfield code="4">650</subfield>
  </datafield>
  <datafield tag="790" ind1=" " ind2="1">
    <subfield code="a">Forestani,</subfield>
    <subfield code="b">Simone</subfield>
    <subfield code="3">IT\ICCU\CNCA\018207</subfield>
    <subfield code="z">Serdini, Simone</subfield>
  </datafield>
  <datafield tag="790" ind1=" " ind2="0">
    <subfield code="a">℗Il ℗Saviozzo</subfield>
    <subfield code="3">IT\ICCU\CNCA\018208</subfield>
    <subfield code="z">Serdini, Simone</subfield>
  </datafield>
  <datafield tag="790" ind1=" " ind2="1">
    <subfield code="a">Sardini,</subfield>
    <subfield code="b">Simone</subfield>
    <subfield code="3">IT\ICCU\CNCA\025831</subfield>
    <subfield code="z">Serdini, Simone</subfield>
  </datafield>
  <datafield tag="790" ind1=" " ind2="1">
    <subfield code="a">Thebaldeus,</subfield>
    <subfield code="b">Antonius</subfield>
    <subfield code="3">IT\ICCU\CNCA\015605</subfield>
    <subfield code="z">Tebaldeo, Antonio</subfield>
  </datafield>
  <datafield tag="791" ind1="0" ind2="0">
    <subfield code="a">Bindonis, Alexander de</subfield>
    <subfield code="3">IT\ICCU\CNCT\004376</subfield>
    <subfield code="z">Bindoni, Alessandro</subfield>
  </datafield>
  <datafield tag="791" ind1="0" ind2="0">
    <subfield code="a">Bandoni, Alexandro de</subfield>
    <subfield code="3">IT\ICCU\CNCT\004377</subfield>
    <subfield code="z">Bindoni, Alessandro</subfield>
  </datafield>
  <datafield tag="801" ind1=" " ind2="3">
    <subfield code="a">IT</subfield>
    <subfield code="b">ICCU</subfield>
    <subfield code="c">20201115</subfield>
  </datafield>
  <datafield tag="899" ind1=" " ind2=" ">
    <subfield code="a">British Library. London</subfield>
    <subfield code="z">MUTILO</subfield>
    <subfield code="1">UK0001</subfield>
  </datafield>
</record>
</collection>
